<record><leader>00000cas a22000007a 4500</leader><controlfield tag="001">16702077</controlfield><controlfield tag="008">870917d19271948ohuwr ne      0    0eng d</controlfield><datafield ind1=" " ind2=" " tag="010"><subfield code="a">sn 87076686 </subfield></datafield><datafield ind1=" " ind2=" " tag="040"><subfield code="a">ONP</subfield><subfield code="b">eng</subfield><subfield code="c">ONP</subfield><subfield code="d">OCLCQ</subfield></datafield><datafield ind1=" " ind2=" " tag="042"><subfield code="a">msc</subfield></datafield><datafield ind1="0" ind2="4" tag="245"><subfield code="a">The Norwalk experiment and Huron County news.</subfield></datafield><datafield ind1="3" ind2="0" tag="246"><subfield code="a">Norwalk experiment</subfield></datafield><datafield ind1=" " ind2=" " tag="260"><subfield code="a">Norwalk, Ohio :</subfield><subfield code="b">[s.n.],</subfield><subfield code="c">-1948.</subfield></datafield><datafield ind1=" " ind2=" " tag="310"><subfield code="a">Weekly</subfield></datafield><datafield ind1="1" ind2=" " tag="362"><subfield code="a">Began in 1927?</subfield></datafield><datafield ind1="0" ind2=" " tag="362"><subfield code="a">-v. 113, no. 26 (Feb. 12, 1948).</subfield></datafield><datafield ind1=" " ind2=" " tag="500"><subfield code="a">Published as: Norwalk experiment, Feb. 12, 1948.</subfield></datafield><datafield ind1=" " ind2=" " tag="588"><subfield code="a">Description based on: Vol. 95, no. 20 (Aug. 8, 1930).</subfield></datafield><datafield ind1=" " ind2=" " tag="752"><subfield code="a">United States</subfield><subfield code="b">Ohio</subfield><subfield code="c">Huron</subfield><subfield code="d">Norwalk.</subfield></datafield><datafield ind1="0" ind2="4" tag="780"><subfield code="t">Norwalk experiment (Norwalk, Ohio : 1894)</subfield><subfield code="w">(DLC)sn 84028420</subfield></datafield><datafield ind1="0" ind2="4" tag="780"><subfield code="t">Huron County news</subfield><subfield code="w">(DLC)sn 84028421</subfield></datafield><datafield ind1="0" ind2="0" tag="785"><subfield code="t">Norwalk experiment news</subfield><subfield code="w">(DLC)sn 87076687</subfield></datafield></record>